%YAML 1.1
%TAG !u! tag:unity3d.com,2011:
--- !u!1 &851652748446605397
GameObject:
  m_ObjectHideFlags: 0
  m_CorrespondingSourceObject: {fileID: 0}
  m_PrefabInstance: {fileID: 0}
  m_PrefabAsset: {fileID: 0}
  serializedVersion: 6
  m_Component:
  - component: {fileID: 851652748446605418}
  - component: {fileID: 851652748446605416}
  - component: {fileID: 851652748446605419}
  - component: {fileID: 851652748446605417}
  - component: {fileID: 743403956}
  m_Layer: 0
  m_Name: FFMPEG Demo
  m_TagString: Untagged
  m_Icon: {fileID: 0}
  m_NavMeshLayer: 0
  m_StaticEditorFlags: 0
  m_IsActive: 1
--- !u!4 &851652748446605418
Transform:
  m_ObjectHideFlags: 0
  m_CorrespondingSourceObject: {fileID: 0}
  m_PrefabInstance: {fileID: 0}
  m_PrefabAsset: {fileID: 0}
  m_GameObject: {fileID: 851652748446605397}
  m_LocalRotation: {x: 0, y: 0, z: 0, w: 1}
  m_LocalPosition: {x: 0, y: 0, z: 0}
  m_LocalScale: {x: 1, y: 1, z: 1}
  m_Children: []
  m_Father: {fileID: 0}
  m_RootOrder: 0
  m_LocalEulerAnglesHint: {x: 0, y: 0, z: 0}
--- !u!114 &851652748446605416
MonoBehaviour:
  m_ObjectHideFlags: 0
  m_CorrespondingSourceObject: {fileID: 0}
  m_PrefabInstance: {fileID: 0}
  m_PrefabAsset: {fileID: 0}
  m_GameObject: {fileID: 851652748446605397}
  m_Enabled: 1
  m_EditorHideFlags: 0
  m_Script: {fileID: 11500000, guid: 1fecd00d67b80cb43af19cf76d388e2e, type: 3}
  m_Name: 
  m_EditorClassIdentifier: 
--- !u!114 &851652748446605419
MonoBehaviour:
  m_ObjectHideFlags: 0
  m_CorrespondingSourceObject: {fileID: 0}
  m_PrefabInstance: {fileID: 0}
  m_PrefabAsset: {fileID: 0}
  m_GameObject: {fileID: 851652748446605397}
  m_Enabled: 1
  m_EditorHideFlags: 0
  m_Script: {fileID: 11500000, guid: 7bdbd93515ad53e409e784b69b7f4005, type: 3}
  m_Name: 
  m_EditorClassIdentifier: 
  m_useProjectDirRelativeAll: 1
  m_pathOfFfmpegBin: ffmpeg\bin
  m_pathImagesFolder: UnityScreenshot
  m_pathExportFolder: Export
  m_videoExportName: DefaultExport.mp4
  m_imageStart: Screenshot_
  m_imageExtension: .PNG
  m_currentCommand: C:\Users\stree\Desktop\ToConvert\2017_08_06_StereoExperiment\ffmpeg\bin\ffmpeg
    -y -r 60 -f image2 -s 1920x1080 -i C:\Users\stree\Desktop\ToConvert\2017_08_06_StereoExperiment\UnityScreenshot\Screenshot_%04d.PNG
    -vcodec libx264 -crf 25  -pix_fmt yuv420p C:\Users\stree\Desktop\ToConvert\2017_08_06_StereoExperiment\Export\DefaultExport.mp4
  m_currentMonoSetup:
    m_ffmpegAbsolutePath: C:\Users\stree\Desktop\ToConvert\2017_08_06_StereoExperiment\ffmpeg\bin
    m_widthResolution: 1920
    m_heightResolution: 1080
    m_imagesDirectoryAbolutePath: C:\Users\stree\Desktop\ToConvert\2017_08_06_StereoExperiment\UnityScreenshot
    m_imagesFormat: Screenshot_%04d.PNG
    m_framesPerSecond: 60
    m_exportDirectoryAbolutePath: C:\Users\stree\Desktop\ToConvert\2017_08_06_StereoExperiment\Export
    m_exportVideoName: DefaultExport.mp4
  m_lastCmdSend: 
  m_relativePath: C:\Users\stree\Desktop\ToConvert\2017_08_06_StereoExperiment
--- !u!114 &851652748446605417
MonoBehaviour:
  m_ObjectHideFlags: 0
  m_CorrespondingSourceObject: {fileID: 0}
  m_PrefabInstance: {fileID: 0}
  m_PrefabAsset: {fileID: 0}
  m_GameObject: {fileID: 851652748446605397}
  m_Enabled: 1
  m_EditorHideFlags: 0
  m_Script: {fileID: 11500000, guid: 6d840a9f7fd5d404abaa3805c56c5a33, type: 3}
  m_Name: 
  m_EditorClassIdentifier: 
  m_useProjectDirRelativeAll: 1
  m_pathOfFfmpegBin: ffmpeg\bin
  m_pathOrigineVideoFile: Export\DefaultExport.mp4
  m_pathExportVideoFile: Export\DefaultExportLoop.mp4
  m_maxTimeToLoop: 360
  m_currentCommand: C:\Users\stree\Desktop\ToConvert\2017_08_06_StereoExperiment\ffmpeg\bin\ffmpeg
    -y -t 360 -stream_loop -1 -i C:\Users\stree\Desktop\ToConvert\2017_08_06_StereoExperiment\Export\DefaultExport.mp4
    -c copy C:\Users\stree\Desktop\ToConvert\2017_08_06_StereoExperiment\Export\DefaultExportLoop.mp4
  m_currentMonoSetup:
    m_maxTime: 360
    m_ffmpegAbsolutePath: C:\Users\stree\Desktop\ToConvert\2017_08_06_StereoExperiment\ffmpeg\bin
    m_absoluePathOrigineVideo: C:\Users\stree\Desktop\ToConvert\2017_08_06_StereoExperiment\Export\DefaultExport.mp4
    m_absolutePathExportVideo: C:\Users\stree\Desktop\ToConvert\2017_08_06_StereoExperiment\Export\DefaultExportLoop.mp4
  m_lastCmdSend: 
  m_relativePath: C:\Users\stree\Desktop\ToConvert\2017_08_06_StereoExperiment
--- !u!114 &743403956
MonoBehaviour:
  m_ObjectHideFlags: 0
  m_CorrespondingSourceObject: {fileID: 0}
  m_PrefabInstance: {fileID: 0}
  m_PrefabAsset: {fileID: 0}
  m_GameObject: {fileID: 851652748446605397}
  m_Enabled: 1
  m_EditorHideFlags: 0
  m_Script: {fileID: 11500000, guid: c69e45f61ed2df64f8aa99a3a8eb3c15, type: 3}
  m_Name: 
  m_EditorClassIdentifier: 
  m_useProjectDirRelativeAll: 1
  m_pathOfFfmpegBin: ffmpeg\bin
  m_videosDirectoryPath: Export\
  m_outputVideoMergePath: Export\Merge\MergeResult.mp4
  m_currentCommand: '"C:\Users\stree\Desktop\ToConvert\2017_08_06_StereoExperiment\ffmpeg\bin\ffmpeg"
    -safe 0 -f concat -i "C:\Users\stree\AppData\LocalLow\Jams Center\Stereo Viewer\tmp.txt"
    -c copy "C:\Users\stree\Desktop\ToConvert\2017_08_06_StereoExperiment\Export\Merge\MergeResult.mp4"'
  m_lastCmdSend: 
  m_relativePath: C:\Users\stree\Desktop\ToConvert\2017_08_06_StereoExperiment
